@ARTICLE{2014PhRvD..89f4067A,
   author = {{Ang{\'e}lil}, R. and {Saha}, P. and {Bondarescu}, R. and {Jetzer}, P. and 
	{Sch{\"a}rer}, A. and {Lundgren}, A.},
    title = "{Spacecraft clocks and relativity: Prospects for future satellite missions}",
  journal = {\prd},
archivePrefix = "arXiv",
   eprint = {1402.6698},
 primaryClass = "astro-ph.EP",
 keywords = {Approximation methods, equations of motion, Experimental studies of gravity, Spaceborne and space research instruments apparatus and components, Artificial Earth satellites},
     year = 2014,
    month = mar,
   volume = 89,
   number = 6,
      eid = {064067},
    pages = {064067},
      doi = {10.1103/PhysRevD.89.064067},
   adsurl = {http://adsabs.harvard.edu/abs/2014PhRvD..89f4067A},
  adsnote = {Provided by the SAO/NASA Astrophysics Data System}
}

@ARTICLE{2014MNRAS.444.3780A,
   author = {{Ang{\'e}lil}, R. and {Saha}, P.},
    title = "{Clocks around Sgr A*}",
  journal = {\mnras},
archivePrefix = "arXiv",
   eprint = {1408.0283},
 keywords = {gravitation, Galaxy: centre, galaxies: nuclei},
     year = 2014,
    month = nov,
   volume = 444,
    pages = {3780-3791},
      doi = {10.1093/mnras/stu1686},
   adsurl = {http://adsabs.harvard.edu/abs/2014MNRAS.444.3780A},
  adsnote = {Provided by the SAO/NASA Astrophysics Data System}
}

@ARTICLE{2010ApJ...720.1303A,
   author = {{Ang{\'e}lil}, R. and {Saha}, P. and {Merritt}, D.},
    title = "{Toward Relativistic Orbit Fitting of Galactic Center Stars and Pulsars}",
  journal = {\apj},
archivePrefix = "arXiv",
   eprint = {1007.0007},
 keywords = {Galaxy: nucleus, gravitation, stars: kinematics and dynamics},
     year = 2010,
    month = sep,
   volume = 720,
    pages = {1303-1310},
      doi = {10.1088/0004-637X/720/2/1303},
   adsurl = {http://adsabs.harvard.edu/abs/2010ApJ...720.1303A},
  adsnote = {Provided by the SAO/NASA Astrophysics Data System}
}

@INPROCEEDINGS{2015APS..DMP.D1062M,
   author = {{Marti}, G.~E. and {McNally}, R. and {Nicholson}, T. and {Campbell}, S. and {Hutson}, R. and {Ye}, J.},
    title = "{A Sr clock with total uncertainty of $2\times10^{-18}$ and development of the new apparatus}",
booktitle = {APS Division of Atomic, Molecular and Optical Physics Meeting Abstracts},
     year = 2015,
    month = may,
      doi = {10.1103/BAPS.2015.DAMOP.D1.62},
   adsurl = {http://adsabs.harvard.edu/abs/2015APS..DMP.D1062M},
  adsnote = {Provided by the SAO/NASA Astrophysics Data System}
}

@BOOK{2014grav.book.....P,
   author = {{Poisson}, E. and {Will}, C.~M.},
    title = "{Gravity}",
booktitle = {Gravity, by Eric Poisson , Clifford M.~Will, Cambridge, UK: Cambridge University Press, 2014},
     year = 2014,
    month = may,
   adsurl = {http://adsabs.harvard.edu/abs/2014grav.book.....P},
  adsnote = {Provided by the SAO/NASA Astrophysics Data System}
}

@ARTICLE{2011ApJ...734L..19A,
   author = {{Ang{\'e}lil}, R. and {Saha}, P.},
    title = "{Galactic-center S Stars as a Prospective Test of the Einstein Equivalence Principle}",
  journal = {\apjl},
archivePrefix = "arXiv",
   eprint = {1105.0918},
 keywords = {Galaxy: center, relativistic processes},
     year = 2011,
    month = jun,
   volume = 734,
      eid = {L19},
    pages = {L19},
      doi = {10.1088/2041-8205/734/1/L19},
   adsurl = {http://adsabs.harvard.edu/abs/2011ApJ...734L..19A},
  adsnote = {Provided by the SAO/NASA Astrophysics Data System}
}

@ARTICLE{2010ApJ...711..157A,
   author = {{Ang{\'e}lil}, R. and {Saha}, P.},
    title = "{Relativistic Redshift Effects and the Galactic-Center Stars}",
  journal = {\apj},
archivePrefix = "arXiv",
   eprint = {1001.1957},
 primaryClass = "gr-qc",
 keywords = {Galaxy: nucleus, gravitation, stars: kinematics and dynamics},
     year = 2010,
    month = mar,
   volume = 711,
    pages = {157-163},
      doi = {10.1088/0004-637X/711/1/157},
   adsurl = {http://adsabs.harvard.edu/abs/2010ApJ...711..157A},
  adsnote = {Provided by the SAO/NASA Astrophysics Data System}
}

@ARTICLE{2009ApJ...703.1743P,
   author = {{Preto}, M. and {Saha}, P.},
    title = "{On Post-Newtonian Orbits and the Galactic-center Stars}",
  journal = {\apj},
archivePrefix = "arXiv",
   eprint = {0906.2226},
 primaryClass = "astro-ph.GA",
 keywords = {Galaxy: center, methods: numerical, relativity, stellar dynamics},
     year = 2009,
    month = oct,
   volume = 703,
    pages = {1743-1751},
      doi = {10.1088/0004-637X/703/2/1743},
   adsurl = {http://adsabs.harvard.edu/abs/2009ApJ...703.1743P},
  adsnote = {Provided by the SAO/NASA Astrophysics Data System}
}

@ARTICLE{2009ApJ...690.1553K,
   author = {{Kannan}, R. and {Saha}, P.},
    title = "{Frame Dragging and the Kinematics of Galactic-Center Stars}",
  journal = {\apj},
archivePrefix = "arXiv",
   eprint = {0809.1866},
 keywords = {Galaxy: nucleus, relativity, stellar dynamics},
     year = 2009,
    month = jan,
   volume = 690,
    pages = {1553-1557},
      doi = {10.1088/0004-637X/690/2/1553},
   adsurl = {http://adsabs.harvard.edu/abs/2009ApJ...690.1553K},
  adsnote = {Provided by the SAO/NASA Astrophysics Data System}
}

@ARTICLE{2010MNRAS.406.2787D,
   author = {{D'Orazio}, D.~J. and {Saha}, P.},
    title = "{An analytic solution for weak-field Schwarzschild geodesics}",
  journal = {\mnras},
archivePrefix = "arXiv",
   eprint = {1003.5659},
 primaryClass = "astro-ph.GA",
 keywords = {gravitation, Galaxy: centre},
     year = 2010,
    month = aug,
   volume = 406,
    pages = {2787-2792},
      doi = {10.1111/j.1365-2966.2010.16879.x},
   adsurl = {http://adsabs.harvard.edu/abs/2010MNRAS.406.2787D},
  adsnote = {Provided by the SAO/NASA Astrophysics Data System}
}

@article{chatterjee2000introduction,
  title={An introduction to the proper orthogonal decomposition},
  author={Chatterjee, Anindya},
  journal={Current science},
  volume={78},
  number={7},
  pages={808--817},
  year={2000}
}

